<?xml version="1.0" encoding="UTF-8"?><record xmlns="http://www.loc.gov/MARC21/slim" xmlns:cinclude="http://apache.org/cocoon/include/1.0" xmlns:zs="http://www.loc.gov/zing/srw/">
  <leader>00811cz  a2200193n  4500</leader>
  <controlfield tag="001">n  91085763 </controlfield>
  <controlfield tag="003">DLC</controlfield>
  <controlfield tag="005">20060614093300.0</controlfield>
  <controlfield tag="008">910826n| acannaabn          |a aaa      </controlfield>
  <datafield tag="010" ind1=" " ind2=" ">
    <subfield code="a">n  91085763 </subfield>
  </datafield>
  <datafield tag="035" ind1=" " ind2=" ">
    <subfield code="a">(OCoLC)oca03008017</subfield>
  </datafield>
  <datafield tag="040" ind1=" " ind2=" ">
    <subfield code="a">DLC</subfield>
    <subfield code="b">eng</subfield>
    <subfield code="c">DLC</subfield>
    <subfield code="d">DLC</subfield>
    <subfield code="d">OCoLC</subfield>
    <subfield code="d">DLC</subfield>
  </datafield>
  <datafield tag="100" ind1="1" ind2=" ">
    <subfield code="a">Madriguera, Enric</subfield>
  </datafield>
  <datafield tag="400" ind1="1" ind2=" ">
    <subfield code="a">Madriguera i Rodón, Enric</subfield>
  </datafield>
  <datafield tag="400" ind1="1" ind2=" ">
    <subfield code="a">Rodón, Enric Madriguera</subfield>
  </datafield>
  <datafield tag="400" ind1="1" ind2=" ">
    <subfield code="a">Madriguera, Eric</subfield>
  </datafield>
  <datafield tag="670" ind1=" " ind2=" ">
    <subfield code="a">Arthur Murray favorites--dance set [SR] 1951:</subfield>
    <subfield code="b">label (Enric Madriguera)</subfield>
  </datafield>
  <datafield tag="670" ind1=" " ind2=" ">
    <subfield code="a">Enric Madriguera, 1920-1941, 1994?:</subfield>
    <subfield code="b">label (Enric Madriguera) insert (Enric Madriguera i Rodón; b. in Barcelona Feb. 17, 1902)</subfield>
  </datafield>
  <datafield tag="670" ind1=" " ind2=" ">
    <subfield code="a">IMDb, June 14, 2006</subfield>
    <subfield code="b">(Enric Madriguera; b. Feb. 17, 1904, Barcelona, Spain; d. Sept. 7, 1973, Danbury, Conn.; sometimes credited as Eric Madriquera)</subfield>
  </datafield>
</record>